<record><leader>00000cas a22000007a 4500</leader><controlfield tag="001">13684863</controlfield><controlfield tag="008">860604d1907198utxuwr ne      0    0eng d</controlfield><controlfield tag="009">3789</controlfield><datafield ind1=" " ind2=" " tag="010"><subfield code="a">sn 86064215 </subfield></datafield><datafield ind1=" " ind2=" " tag="040"><subfield code="a">KSH</subfield><subfield code="b">eng</subfield><subfield code="c">KSH</subfield><subfield code="d">NPT</subfield><subfield code="d">PPM</subfield><subfield code="d">DLC</subfield><subfield code="d">OCL</subfield><subfield code="d">NSD</subfield><subfield code="d">PPM</subfield></datafield><datafield ind1=" " ind2=" " tag="012"><subfield code="b">3</subfield></datafield><datafield ind1=" " ind2=" " tag="019"><subfield code="a">14702786</subfield></datafield><datafield ind1=" " ind2=" " tag="042"><subfield code="a">msc</subfield></datafield><datafield ind1="0" ind2="4" tag="245"><subfield code="a">The Hico news-review.</subfield></datafield><datafield ind1="0" ind2="0" tag="246"><subfield code="a">Hico news review</subfield></datafield><datafield ind1=" " ind2=" " tag="260"><subfield code="a">Hico, Tex. :</subfield><subfield code="b">Hico Printing Co.,</subfield><subfield code="c">1907-</subfield></datafield><datafield ind1=" " ind2=" " tag="300"><subfield code="a">v. :</subfield><subfield code="b">ill. ;</subfield><subfield code="c">55 cm.</subfield></datafield><datafield ind1=" " ind2=" " tag="310"><subfield code="a">Weekly</subfield></datafield><datafield ind1="0" ind2=" " tag="362"><subfield code="a">Vol. 21, no. 44 (May 10, 1907)-</subfield></datafield><datafield ind1=" " ind2=" " tag="500"><subfield code="a">Assumes numbering of: Hico news.</subfield></datafield><datafield ind1=" " ind2=" " tag="530"><subfield code="a">Available on microfilm from the Center for American History, University of Texas at Austin.</subfield></datafield><datafield ind1=" " ind2=" " tag="752"><subfield code="a">United States</subfield><subfield code="b">Texas</subfield><subfield code="c">Hamilton</subfield><subfield code="d">Hico.</subfield></datafield><datafield ind1="0" ind2="4" tag="780"><subfield code="t">Hico news</subfield></datafield><datafield ind1="0" ind2="4" tag="780"><subfield code="t">Hico review</subfield><subfield code="w">(DLC)sn 86089478</subfield></datafield><datafield ind1="0" ind2="5" tag="780"><subfield code="t">Hico courier</subfield><subfield code="w">(DLC)sn 87090404</subfield></datafield><datafield ind1="0" ind2="5" tag="780"><subfield code="t">Hico vedette</subfield></datafield><datafield ind1="0" ind2="5" tag="780"><subfield code="t">Bosque valley democrat</subfield></datafield><datafield ind1="0" ind2="0" tag="785"><subfield code="t">Hico update</subfield></datafield></record>